% Encoding: UTF-8

@Book{cptm2010a,
  author    = {CPTM},
  title     = {Plano diretor de inserção urbana da CPTM},
  year      = {2010},
  date      = {2018-06-14},
  publisher = {{Companhia Paulista de Trens Metropolitanos}},
  pages     = {380},
  pagetotal = {380},
}

@MastersThesis{cassiele2007a,
  author      = {Cassiele Arantes de Moraes Chagas},
  title       = {A periferização da pobreza e da degradação sócio-ambiental na Região Metropolitana de São Paulo, o caso de Francisco Morato},
  institution = {Faculdade de Arquitetura e Urbanismo, Universidade de São Paulo},
  year        = {2007},
  date        = {2018-06-14},
  type        = {mathesis},
  note        = {Acesso em 2018-06-14.},
  doi         = {10.11606/d.16.2007.tde-19032009-152622},
  url         = {http://www.teses.usp.br/teses/disponiveis/16/16139/tde-19032009-152622/pt-br.php},
  review      = {A pesquisa busca mostrar, de forma geral, as causas do processo de periferização nos municípios do entorno da metrópole paulista, e como se dá a concentração da pobreza, que afeta o desenvolvimento local e da sociedade como um todo. Nesse contexto, a questão das desigualdades sócio - espaciais e da segregação social urbana serão muito discutidas, assim como os efeitos da exclusão social na formação do indivíduo, inserido na realidade das periferias empobrecidas. Acredita-se que lugares socialmente degradados e ambientalmente problemáticos, sem amparo de políticas públicas específicas, são reprodutores dessas mesmas condições, e que este fato já não é mais suportado pelas cidades, pois não permite seu desenvolvimento econômico e social, tampouco o compromisso de fornecer uma qualidade de vida mínima para sua população. Além disso, a reprodução da pobreza e da desigualdade sócio espacial, afeta a sociedade como um todo, uma vez que se tornam crescentes os conflitos sociais e principalmente a violência urbana. A partir dessa discussão, o município periférico de Francisco Morato passa então a ser o foco principal da pesquisa, que mostrará como o processo de empobrecimento e periferização afetam esse Município de 155 mil habitantes, crescente e desordenado, situado na região noroeste da Grande São Paulo. A intenção é ter Francisco Morato como exemplo do que acontece em diversos outros municípios empobrecidos da Região Metropolitana de São Paulo. Francisco Morato é formado em grande parte por loteamentos de baixa renda, sendo um grande número deles irregulares. A cidade em geral é carente de diversas infra-estruturas, equipamentos urbanos, serviços e projetos sociais. Nesta pesquisa, partimos do princípio que o modelo de urbanização atual tornou-se social e ambientalmente inviável para o desenvolvimento sócio-econômico e ambiental, uma vez que o aumento da pobreza urbana prejudica o desenvolvimento da cidade, pois proporciona diversos tipos de problemas ambientais e sociais, tais como ocupação de áreas impróprias, desmatamentos, aumento da exclusão, da violência e geração de mais pobreza a partir da reprodução das relações sociais. Esses problemas atingem toda a sociedade e devem ter seus efeitos considerados ao longo prazo. Trata-se da formação social, do indivíduo que estamos produzindo, inserido num contexto onde as desigualdades sociais, as indiferenças e a violência são crescentes. Para as prefeituras das periferias empobrecidas, os problemas sócio-ambientais tornam-se um desafio cada vez maior, uma vez que essas instituições são em muitos casos carentes de instrumentos de gestão e recursos técnicos e financeiros. Essa é a realidade de Francisco Morato e de outros municípios de baixa renda. O Objetivo principal do trabalho é levantar os impactos causados, pelo aumento da pobreza urbana, no meio físico e social das cidades, tendo Francisco Morato como exemplo. Tentamos jogar luzes sobre a questão da reprodução dos espaços de pobreza, e entender se a partir da dinâmica capitalista excludente, aliada à ineficácia de políticas públicas, estamos criando uma sociedade mais desiquilibrada socialmente, mais violenta e mais subdesenvolvida. Talvez o resultado dessa pesquisa possa ajudar na formulação de políticas públicas sociais mais eficazes no combate à pobreza e à exclusão no município de Francisco Morato e em outros locais com situação semelhante.},
  school      = {Faculdade de Arquitetura e Urbanismo, Universidade de São Paulo},
}

@MastersThesis{ferreira2010a,
  author      = {Luciano Ferreira da Luz},
  title       = {A geografia do transporte de passageiros: avaliação da modernização da CPTM e de seu papel no planejamento e na estruturação do espaço metropolitano de São Paulo},
  institution = {Faculdade de Filosofia, Letras e Ciências Humanas, Universidade de São Paulo},
  year        = {2010},
  date        = {2018-06-14},
  note        = {Acesso em 2018-06-14.},
  doi         = {10.11606/T.8.2010.tde-10022011-094138},
  url         = {http://www.teses.usp.br/teses/disponiveis/8/8136/tde-10022011-094138/pt-br.php},
  address     = {São Paulo},
  owner       = {caio},
  school      = {Faculdade de Filosofia, Letras e Ciências Humanas, Universidade de São Paulo},
  timestamp   = {2016.04.10},
}

@Book{villaca1986a,
  author        = {Villa{\c{c}}a, F.},
  title         = {O que todo cidad{\~a}o precisa saber sobre habita{\c{c}}{\~a}o},
  year          = {1986},
  series        = {Cadernos de educa{\c{c}}{\~a}o pol{\'\i}tica},
  note          = {Acesso em 2018-06-14.},
  publisher     = {Global Editora},
  url           = {https://books.google.com.br/books?id=M4xFAAAAYAAJ},
  __markedentry = {[caio:6]},
  lccn          = {88884070},
}

@MastersThesis{stefani2007a,
  author      = {Celia Regina Baider Stefani},
  title       = {O sistema ferroviário paulista: um estudo sobre a evolução do transporte de passageiros sobre trilhos},
  institution = {Faculdade de Filosofia, Letras e Ciências Humanas, Universidade de São Paulo},
  year        = {2007},
  date        = {2018-06-14},
  note        = {Acesso em 2018-06-14.},
  doi         = {10.11606/D.8.2007.tde-12022008-102649},
  url         = {http://www.teses.usp.br/teses/disponiveis/8/8136/tde-12022008-102649/pt-br.php},
  address     = {São Paulo},
  owner       = {caio},
  school      = {Faculdade de Filosofia, Letras e Ciências Humanas, Universidade de São Paulo},
  timestamp   = {2016.04.10},
}

@MastersThesis{rosa2006a,
  author      = {Silvio José Rosa},
  title       = {Transporte e exclusão social: a mobilidade da população de baixa renda da Região Metropolitana de São Paulo e trem metropolitano},
  institution = {Escola Politécnica, Universidade de São Paulo},
  year        = {2006},
  date        = {2018-06-14},
  note        = {Acesso em 2018-06-14.},
  doi         = {10.11606/D.3.2006.tde-07122006-163515},
  url         = {http://www.teses.usp.br/teses/disponiveis/3/3138/tde-07122006-163515/pt-br.php},
  address     = {São Paulo},
  owner       = {caio},
  school      = {Escola Politécnica, Universidade de São Paulo},
  timestamp   = {2016.04.10},
}

@PhdThesis{suarez2014a,
  author      = {Suarez, Pedro Sales de Melo},
  title       = {O eixo S{\~a}o Paulo-Campinas: concentra{\c{c}}{\~a}o de capitais e segrega{\c{c}}{\~a}o urbana},
  institution = {Faculdade de Arquitetura e Urbanismo, Universidade de São Paulo},
  year        = {2014},
  date        = {2018-06-18},
  note        = {Acesso em 2018-06-18.},
  doi         = {10.11606/D.16.2014.tde-25072014-103359},
  url         = {http://www.teses.usp.br/teses/disponiveis/16/16139/tde-25072014-103359/pt-br.php},
  school      = {Faculdade de Arquitetura e Urbanismo, Universidade de São Paulo},
}

@Misc{ibge2018a,
  author = {IBGE},
  title  = {IBGE | Brasil em Síntese | São Paulo | Franco da Rocha | História \& Fotos:},
  year   = {2018},
  date   = {2018-06-18},
  note   = {Acesso em 2018-06-18.},
  url    = {https://cidades.ibge.gov.br/brasil/sp/franco-da-rocha/historico},
}

@Misc{pata2018a,
  author = {pata, Post advertising technology agency},
  title  = {Mapa interativo de distribuição racial no Brasil},
  year   = {2018},
  date   = {2018-06-18},
  type   = {Acesso em 2018-06-18.},
  url    = {http://patadata.org/maparacial/#lat=-87.852486&lon=86.36487&z=11&o=t},
}

@Misc{cprm2015a,
  author = {CPRM},
  title  = {Cartas de Suscetibilidade a Movimentos Gravitacionais de Massa e Inundações - São Paulo},
  year   = {2015},
  date   = {2018-06-18},
  type   = {Acesso em 2018-06-18.},
  url    = {http://gd.cprm.gov.br/suscetibilidade/franciscomorato/sig_franciscomorato_sp_suscet.zip},
}

@Misc{cem2015a,
  author = {CEM},
  title  = {Bases de Dados},
  year   = {2015},
  date   = {2018-06-18},
  type   = {Acesso em 2018-06-18.},
  url    = {http://web.fflch.usp.br/centrodametropole/716},
}

@book{carvalho2018a,
  title={Valsa brasileira: Do boom ao caos econ{\^o}mico},
  author={Laura Carvalho},
  isbn={9788593828638},
  url={https://books.google.com.br/books?id=XppWDwAAQBAJ},
  year={2018},
  publisher={Todavia}
}

@Misc{ibge2010a,
  author = {IBGE},
  title  = {Índice de /Censos/Censo\_Demografico\_2010/Resultados\_do\_Universo/Agregados\_por\_Setores\_Censitarios/},
  year   = {2010},
  date   = {2018-06-18},
  type   = {Acesso em 2018-06-18.},
  url    = {ftp://ftp.ibge.gov.br/Censos/Censo_Demografico_2010/Resultados_do_Universo/Agregados_por_Setores_Censitarios/},
}

@Article{pasternak2005a,
  author       = {Pasternak, Suzana and B{\'o}gus, Lucia M Machado},
  title        = {Migra{\c{c}}{\~a}o na metr{\'o}pole},
  journaltitle = {S{\~a}o Paulo em perspectiva},
  year         = {2005},
  date         = {2018-06-18},
  volume       = {19},
  number       = {4},
  pages        = {21--47},
  note         = {Acesso em 2018-06-18.},
  url          = {http://www.scielo.br/scielo.php?script=sci_arttext&pid=S0102-88392005000400002},
  journal      = {S{\~a}o Paulo em perspectiva},
  publisher    = {SciELO Brasil},
}

@Article{cunha2014a,
  author       = {Aparecido Soares da Cunha},
  title        = {{Migra{\c{c}}{\~a}o, Territ{\'o}rio, Urbaniza{\c{c}}{\~a}o, Crescimento Populacional e Mobilidade na Regi{\~a}o Metropolitana de S{\~a}o Paulo}},
  journaltitle = {XIX Encontro Nacional de Estudos Populacionais},
  year         = {2014},
  date         = {2018-06-18},
  note         = {Acesso em 2018-06-18.},
  url          = {http://www.abep.org.br/~abeporgb/abep.info/files/trabalhos/trabalho_completo/TC-1-5-237-294.pdf},
}

@Comment{jabref-meta: databaseType:biblatex;}
